@online{inditex,
  author = {INDITEX S.A.},
  title = {Página principal},
  url = {https://www.inditex.com/es},
}
@online{corp-gov,
  author = {INDITEX S.A.},
  title = {Junta General de Accionistas},
  url = {https://www.inditex.com/es/inversores/gobierno-corporativo/junta-general-de-accionistas},
}
@online{annual-report,
  author = {INDITEX S.A.},
  title = {Repaso del ejercicio anual - Año 2016},
  url = {http://static.inditex.com/annual_report_2016/},
}